@incollection{namkoong2017variance,
title = {Variance-based Regularization with Convex Objectives},
author = {Namkoong, Hongseok and Duchi, John C},
booktitle = {Advances in Neural Information Processing Systems 30},
editor = {I. Guyon and U. V. Luxburg and S. Bengio and H. Wallach and R. Fergus and S. Vishwanathan and R. Garnett},
pages = {2975--2984},
year = {2017},
publisher = {Curran Associates, Inc.}
}
